<?xml version="1.0" encoding="UTF-8"?><collection xmlns="http://www.loc.gov/MARC21/slim"><record><leader>00495nam--2200193-i-4500</leader><controlfield tag="001">000031788</controlfield><controlfield tag="002">20161230</controlfield><controlfield tag="005">20161230201038</controlfield><controlfield tag="008">060222s1000------------r-----000-0-rum-d</controlfield><datafield ind1=" " ind2=" " tag="040"><subfield code="a">IFIN-HH</subfield></datafield><datafield ind1=" " ind2=" " tag="041"><subfield code="a">rum</subfield></datafield><datafield ind1=" " ind2=" " tag="080"><subfield code="a">623.454.8</subfield></datafield><datafield ind1="1" ind2=" " tag="100"><subfield code="a">Matuda, Hadzima</subfield></datafield><datafield ind1="1" ind2="0" tag="245"><subfield code="a">Arma nucleara si omul</subfield><subfield code="c">Hadzima matuda, kasiva haisi</subfield></datafield><datafield ind1=" " ind2=" " tag="260"><subfield code="a">Bucuresti</subfield><subfield code="b">Editura Stiintifica</subfield><subfield code="c">1961</subfield></datafield><datafield ind1=" " ind2=" " tag="300"><subfield code="a">280P</subfield></datafield><datafield ind1="1" ind2=" " tag="700"><subfield code="a">Haiasi, Kasiva</subfield></datafield><datafield ind1=" " ind2=" " tag="852"><subfield code="a">76361</subfield><subfield code="c">623.454.8</subfield></datafield><datafield ind1=" " ind2=" " tag="CAT"><subfield code="a">Sys</subfield><subfield code="c">20130411</subfield><subfield code="h">114526</subfield></datafield></record></collection>